@book{gilchrist05,
    author		= {Alasdair Gilchrist},
    title     	= {An Executive Guide to Identity Access Management},
    year      	= {2005},
    month		= {Aprile},
    publisher 	= {RG Consulting}
}

@misc{grt:G00261583,
	title	= {Choosing Between On-Premises Federation and Federation IDaaS},
	note	= {\newline\url{https://www.gartner.com/doc/2677315/choosing-onpremises-federation-federation-idaas}},
	author	= {Mary Ruddy},
	year	= {2015},
	month	= {Settembre}
}

@book{designPattern,
	title		= {Design Patterns: Elements of Reusable Object-Oriented Software},
	author		= {Erich Gamma and Richard Helm and Ralph Johnson and John Vlissides},
	publisher	= {Addison-Wesley},
	year		= {1994},
	month		= {Ottobre},
	note		= {Capitolo 5, pagine 251-263 e 360-366}	
}

@book{rountree12,
	author		= {Derrick Rountree},
	title		= {Federated Identity Primer},
	year		= {2012},
	month		= {Dicembre},
	publisher	= {Syngress}
}

@techreport{abacNIST,
	author	= {Vincent C. Hu and David Ferraiolo and Rick Kuhn and Adam Schnitzer and Kenneth Sandlin and Robert Miller and Karen Scarfone},
	title	= {Guide to Attribute Based Access Control (ABAC) Definition and Considerations},
	year	= {2014},
	month	= {Gennaio},
	note	= {\newline\url{http://nvlpubs.nist.gov/nistpubs/specialpublications/NIST.sp.800-162.pdf}}
}

@book{swebok,
	title		= {Guide to the Software Engineering Body of Knowledge v3.0},
	author		= {IEEE Computer Society},
	publisher	= {IEEE},
	year		= {2014},
	note		= {Capitolo 4}		
}

@misc{grt:G00296572,
	title	= {How to Choose Between On-Premises and IDaaS Delivery Models for Identity and Access Management},
	note	= {\newline\url{https://www.gartner.com/doc/3380723/choose-onpremises-idaas-delivery-models}},
	author	= {Gregg Kreizman},
	year	= {2016},
	month	= {Luglio}
}

@techreport{rfc:7519,
	author		= {M. Jones, J. Bradley, N. Sakimura},
	title		= {JSON Web Token (JWT)},
	institution	= {Internet Engineering Task Force (IETF)},
	year		= {2015},
	month		= {Maggio},
	note		= {\newline RFC7519\newline\url{https://tools.ietf.org/pdf/rfc7519.pdf}}
}

@book{javascriptPatterns,
	title		= {Learning JavaScript Design Patterns},
	author		= {Addy Osmani},
	publisher	= {O'Reilly Media},
	year		= {2012},
	month		= {Luglio},
	note		= {Capitolo 9, pagine 27-37}	
}

@misc{grt:G00279633,
	title	= {Magic Quadrant for Identity and Access Management as a Service, Worldwide},
	note	= {\newline\url{https://www.gartner.com/doc/3337824/magic-quadrant-identity-access-management}},
	author	= {Gregg Kreizman, Neil Wynne},
	year	= {2016},
	month	= {Giugno}
}

@misc{grt:G00292924,
	title	= {Managing Identities, Privileges, Access and Trust Primer for 2016},
	note	= {\newline\url{https://www.gartner.com/doc/3187123/managing-identities-privileges-access-trust}},
	author	= {Ant Allan},
	year	= {2016},
	month	= {Gennaio}
}

@book{antani16,
    author		= {Ved Antani},
    title     	= {Mastering JavaScript},
    year      	= {2016},
    month		= {Gennaio},
    publisher 	= {Packt Publishing}
}

@book{doglio05,
    author		= {Fernando Doglio},
    title     	= {Pro Rest Api Development With Node.js},
    year      	= {2015},
    month		= {Maggio},
    publisher 	= {Apress}
}

@misc{reg:spid,
    author  = {Agenzia per l'Italia Digitale},
    title   = {REGOLAMENTO RECANTE LE MODALITÀ ATTUATIVE PER LA REALIZZAZIONE DELLO SPID (articolo 4, comma 2, DPCM 24 ottobre 2014) },
    year    = {2014},
    note    = {\newline\url{http://www.agid.gov.it/sites/default/files/circolari/spid-modalita_attuative_v1.pdf}}
}

@techreport{std:saml,
	author		= {Nick Ragouzis and John Hughes and Rob Philpott and Eve Maler and Paul Madsen and Tom Scavo},
	title		= {Security Assertion Markup Language (SAML) V2.0 Technical Overview},
	institution	= {OASIS Security Services TC},
	year		= {2008},
	month		= {Marzo},
	note		= {\newline Committee Draft 02\newline\url{http://docs.oasis-open.org/security/saml/Post2.0/sstc-saml-tech-overview-2.0.html}}
}

@misc{grt:G00260705,
	title	= {Technology Overview for Adaptive Access Control},
	note	= {\newline\url{https://www.gartner.com/doc/2754020/technology-overview-adaptive-access-control}},
	author	= {Ant Allan},
	year	= {2015},
	month	= {Settembre}
}

@misc{grt:G00269748,
	title	= {Use IAM Life Cycle Policies to Enforce Account Disabling and Deletion},
	note	= {\newline\url{https://www.gartner.com/doc/2856523/use-iam-life-cycle-policies}},
	author	= {Steve Krapes},
	year	= {2014},
	month	= {Settembre}
}



@online{site:spidatt,
	title	= {A che punto è SPID (Sistema pubblico dell'identità digitale) e a cosa serve},
	url		= {http://www.agendadigitale.eu/identita-digitale/a-che-punto-e-il-sistema-pubblico-dell-identita-digitale-e-a-che-serve_2079.htm}
}

@online{site:bitbucket,
	title	= {Bitbucket},
	url		= {https://bitbucket.org/}
}

@online{site:expressjs,
	title	= {Express.js},
	url		= {http://expressjs.com/it/}
}

@online{site:gartner,
    title   = {Gartner IT Glossary},
    url     = {http://www.gartner.com/it-glossary/}
}

@online{site:git,
	title	= {Git},
	url		= {https://git-scm.com/}
}

@online{site:signjwt,
	title 	= {HMAC vs ECDSA for JWT},
	url		= {http://crypto.stackexchange.com/questions/30657/hmac-vs-ecdsa-for-jwt}
}

@online{site:SPvsIdPinitiated,
	title	= {IDP-Initiated vs. SP-Initiated Single Sign-On (SSO)},
	url		= {http://bitwyze.net/idp-initiated-vs-sp-initiated-single-sign-on-sso/}
}

@online{site:jwtintro,
	title	= {Introduction to JSON Web Tokens},
	url		= {https://jwt.io/introduction/}
}

@online{site:mongodb,
	title	= {Introduction to MongoDB},
	url		= {https://docs.mongodb.com/v3.0/introduction/}
}

@online{site:agilemanifesto,
    title	= {Manifesto for Agile Software Development},
    url     = {http://agilemanifesto.org/iso/it/}
}

@misc{site:paypalNode,
	title	= {Node.js at PayPal},
	note	= {\newline\url{https://www.paypal-engineering.com/2013/11/22/node-js-at-paypal/}},
	author	= {Jeff Harrell},
	year	= {2013}
}

@online{site:spidgov,
	title	= {SPID},
	url		= {http://www.spid.gov.it/}
}

@online{site:guelphsso,
	title	= {SSO Benefits},
	url		= {https://www.uoguelph.ca/ccs/security/internet/single-sign-sso/benefits}
}

@online{site:scrumroles,
	title	= {Scrum Roles Demystified},
	url		= {https://www.scrumalliance.org/employer-resources/scrum-roles-demystified}
}

@online{site:scrum,
	title	= {Scrum Theory},
	url		= {https://www.scrumalliance.org/why-scrum/scrum-guide}
}

@misc{site:nodejava,
	title	= {What Makes Node.js Faster Than Java?},
	note	= {https://strongloop.com/strongblog/node-js-is-faster-than-java/},
	author	= {Issac Roth},
	year	= {2014}
}

@online{site:expressMiddleware,
	title	= {Using middleware},
	url		= {http://expressjs.com/en/guide/using-middleware.html}
}



